<collection xmlns="http://www.loc.gov/MARC21/slim">
<record>
  <leader>01145nam0a22002531i 450 </leader>
  <controlfield tag="001">IT\ICCU\CNCE\063351</controlfield>
  <controlfield tag="005">20131125000000.0</controlfield>
  <datafield tag="012" ind1=" " ind2=" ">
    <subfield code="a">rere iote ioio igte (C) 1510 (Q)</subfield>
    <subfield code="2">fei</subfield>
  </datafield>
  <datafield tag="100" ind1=" " ind2=" ">
    <subfield code="a">20051227f15101515    0itac0103    ba</subfield>
  </datafield>
  <datafield tag="101" ind1=" " ind2=" ">
    <subfield code="a">ITA</subfield>
  </datafield>
  <datafield tag="102" ind1=" " ind2=" ">
    <subfield code="a">IT</subfield>
  </datafield>
  <datafield tag="200" ind1="1" ind2=" ">
    <subfield code="a">Miracolo della Vergine Maria che libero un suo deuoto</subfield>
  </datafield>
  <datafield tag="210" ind1=" " ind2=" ">
    <subfield code="a">\Firenze!</subfield>
    <subfield code="c">fete \!! stampare Zanobi della barba</subfield>
    <subfield code="d">\tra il 1510 e il 1515!</subfield>
  </datafield>
  <datafield tag="215" ind1=" " ind2=" ">
    <subfield code="a">\4! c.</subfield>
    <subfield code="c">ill.</subfield>
    <subfield code="d">4ʻ</subfield>
  </datafield>
  <datafield tag="300" ind1=" " ind2=" ">
    <subfield code="a">Per la data cfr.: La poesia religiosa. I cantari agiografici e le rime di argomento sacro. A cura di Alfredo Cioni, p. 81</subfield>
  </datafield>
  <datafield tag="620" ind1=" " ind2=" ">
    <subfield code="a">IT</subfield>
    <subfield code="d">Firenze</subfield>
  </datafield>
  <datafield tag="712" ind1="0" ind2="0">
    <subfield code="a">Della_Barba, Zanobi</subfield>
    <subfield code="3">IT\ICCU\CNCT\000953</subfield>
    <subfield code="4">650</subfield>
  </datafield>
  <datafield tag="791" ind1="0" ind2="0">
    <subfield code="a">Dalla_Barba, Zanobi</subfield>
    <subfield code="3">IT\ICCU\CNCT\003655</subfield>
    <subfield code="z">Della_Barba, Zanobi</subfield>
  </datafield>
  <datafield tag="791" ind1="0" ind2="0">
    <subfield code="a">Barba, Zanobi della</subfield>
    <subfield code="3">IT\ICCU\CNCT\003751</subfield>
    <subfield code="z">Della_Barba, Zanobi</subfield>
  </datafield>
  <datafield tag="791" ind1="0" ind2="0">
    <subfield code="a">Barberino, Zanobi da</subfield>
    <subfield code="3">IT\ICCU\CNCT\004577</subfield>
    <subfield code="z">Della_Barba, Zanobi</subfield>
  </datafield>
  <datafield tag="791" ind1="0" ind2="0">
    <subfield code="a">Barba, Zenobio</subfield>
    <subfield code="3">IT\ICCU\CNCT\004578</subfield>
    <subfield code="z">Della_Barba, Zanobi</subfield>
  </datafield>
  <datafield tag="791" ind1="0" ind2="2">
    <subfield code="a">Zanobi da Barberino</subfield>
    <subfield code="3">IT\ICCU\CNCT\004579</subfield>
    <subfield code="z">Della_Barba, Zanobi</subfield>
  </datafield>
  <datafield tag="801" ind1=" " ind2="3">
    <subfield code="a">IT</subfield>
    <subfield code="b">ICCU</subfield>
    <subfield code="c">20201115</subfield>
  </datafield>
  <datafield tag="899" ind1=" " ind2=" ">
    <subfield code="a">Biblioteca nazionale centrale. Firenze</subfield>
    <subfield code="1">FI0098</subfield>
    <subfield code="2">CFI CF</subfield>
  </datafield>
</record>
</collection>
